<record><leader>00000cas a22000007a 4500</leader><controlfield tag="001">10266443</controlfield><controlfield tag="008">840105d18751896nvudn ne      0    0eng d</controlfield><datafield ind1=" " ind2=" " tag="010"><subfield code="a">sn 84022041 </subfield></datafield><datafield ind1=" " ind2=" " tag="040"><subfield code="a">NPX</subfield><subfield code="b">eng</subfield><subfield code="c">NPX</subfield><subfield code="d">UNP</subfield><subfield code="d">NNX</subfield><subfield code="d">CNK</subfield><subfield code="d">CNW</subfield><subfield code="d">OCLCQ</subfield><subfield code="d">OCLCF</subfield><subfield code="d">OCLCO</subfield></datafield><datafield ind1="1" ind2=" " tag="029"><subfield code="a">AU@</subfield><subfield code="b">000020413774</subfield></datafield><datafield ind1=" " ind2=" " tag="042"><subfield code="a">msc</subfield></datafield><datafield ind1=" " ind2=" " tag="043"><subfield code="a">n-us-nv</subfield></datafield><datafield ind1="0" ind2="0" tag="245"><subfield code="a">Daily Nevada tribune.</subfield></datafield><datafield ind1=" " ind2=" " tag="260"><subfield code="a">Carson City, Nev. :</subfield><subfield code="b">McClure &amp; Parkinson,</subfield><subfield code="c">1875-1896.</subfield></datafield><datafield ind1=" " ind2=" " tag="300"><subfield code="a">42 v. ;</subfield><subfield code="c">53 cm.</subfield></datafield><datafield ind1=" " ind2=" " tag="310"><subfield code="a">Daily (except Mon.)</subfield></datafield><datafield ind1="0" ind2=" " tag="362"><subfield code="a">Vol. 5, no. 527 (Aug. 9, 1875)-v. 46, no. 143 (July 15, 1896).</subfield></datafield><datafield ind1=" " ind2=" " tag="500"><subfield code="a">Place of publication moves to Reno, Nev., Apr. 22, 1896.</subfield></datafield><datafield ind1=" " ind2=" " tag="500"><subfield code="a">"National Republican."</subfield></datafield><datafield ind1=" " ind2="0" tag="651"><subfield code="a">Carson City (Nev.)</subfield><subfield code="v">Newspapers.</subfield></datafield><datafield ind1=" " ind2="0" tag="651"><subfield code="a">Reno (Nev.)</subfield><subfield code="v">Newspapers.</subfield></datafield><datafield ind1=" " ind2="7" tag="655"><subfield code="a">Newspapers.</subfield><subfield code="2">fast</subfield><subfield code="0">(OCoLC)fst01423814</subfield></datafield><datafield ind1=" " ind2="7" tag="651"><subfield code="a">Nevada</subfield><subfield code="z">Carson City.</subfield><subfield code="2">fast</subfield><subfield code="0">(OCoLC)fst01204369</subfield></datafield><datafield ind1=" " ind2="7" tag="651"><subfield code="a">Nevada</subfield><subfield code="z">Reno.</subfield><subfield code="2">fast</subfield><subfield code="0">(OCoLC)fst01206439</subfield></datafield><datafield ind1=" " ind2=" " tag="752"><subfield code="a">United States</subfield><subfield code="b">Nevada</subfield><subfield code="c">Ormsby</subfield><subfield code="d">Carson City.</subfield></datafield><datafield ind1=" " ind2=" " tag="752"><subfield code="a">United States</subfield><subfield code="b">Nevada</subfield><subfield code="c">Carson City</subfield><subfield code="d">Carson City.</subfield></datafield><datafield ind1=" " ind2=" " tag="752"><subfield code="a">United States</subfield><subfield code="b">Nevada</subfield><subfield code="c">Washoe</subfield><subfield code="d">Reno.</subfield></datafield><datafield ind1="0" ind2="0" tag="780"><subfield code="t">Nevada tribune (Carson City, Nev.)</subfield><subfield code="w">(DLC)sn 86091228</subfield><subfield code="w">(OCoLC)13322315</subfield></datafield></record>